
@misc{schneider_understanding_nodate,
	title = {Understanding the {FDTD} {Method}},
	url = {https://eecs.wsu.edu/~schneidj/ufdtd/},
	urldate = {2021-04-12},
	author = {Schneider, John},
	file = {Understanding the FDTD Method:/Users/hasanabbas/Zotero/storage/AXAB2XH3/ufdtd.html:text/html}
}
