        @misc{schneider_understanding_nodate,
        title = {Understanding the {FDTD} {Method}},
        url = {https://eecs.wsu.edu/~schneidj/ufdtd/},
        author = {Schneider, John}
    }
    
