        @article{abohmra_ultrawideband_2021,
  title   = {An {Ultrawideband} {Microfabricated} {Gold}-based {Antenna} {Array} for {Terahertz} {Communication}},
  issn    = {1548-5757},
  journal = {IEEE AWPL},
  author  = {Abohmra, Abdoalbaset al and Abbas, Hasan Tahir and Kazim, Jalil ur Rehman and Saqib Rabbani, Muhammad and Li, Chong and Alomainy, Akram and Imran, Muhammad and Abbasi, Qammer Hussain},
  year    = {2021}
}
    
    @article{ma_millimeter-wave_2019,
  title   = {Millimeter-{Wave} {Circularly} {Polarized} {Array} {Antenna} {Using} {Substrate}-{Integrated} {Gap} {Waveguide} {Sequentially} {Rotating} {Phase} {Feed}},
  volume  = {18},
  issn    = {1548-5757},
  number  = {6},
  journal = {IEEE AWPL},
  author  = {Ma, Chaojun and Ma, Zu-Hui and Zhang, Xiupu},
  month   = jun,
  year    = {2019},
  pages   = {1124--1128}
}
