
@book{rappaport_millimeter_2015,
	address = {Upper Saddle River, NJ},
	title = {Millimeter wave wireless communications},
	isbn = {978-0-13-217228-8},
	publisher = {Prentice Hall},
	author = {Rappaport, Theodore S. and Heath, Robert W. and Daniels, Robert C. and Murdock, James N.},
	year = {2015},
	note = {ZSCC: 0001218},
	keywords = {Millimeter wave communication systems, Wireless communication systems}
}
